@ARTICLE{Usamentiaga2012,
    author = {Usamentiaga, Rub\'{e}n and Molleda, Julio and Garc\'{i}a, Daniel F.},
    doi = {10.1007/s00138-010-0288-6},
    file = {:C\:/Users/bedla/YandexDisk/Библиотека/Статьи/Usamentiaga method.pdf:pdf},
    issn = {09328092},
    journal = {Machine Vision and Applications},
    keywords = {3D reconstruction,Laser stripe extraction},
    number = {1},
    pages = {179--196},
    title = {{Fast and robust laser stripe extraction for 3D reconstruction in industrial environments}},
    volume = {23},
    year = {2012}
}
@ARTICLE{SkripkoPASEKA,
    author = {Роман Евгеньевич Скрипко},
    year = {2018},
    file = {:C\:/Users/bedla/YandexDisk/Библиотека/Статьи/Дипломы/РАЗРАБОТКА СИСТЕМЫ АВТОМАТИЧЕСКОГО ФИГУРНОГО НАНЕСЕНИЯ ПИЩЕВЫХ ПРОДУКТОВ.pdf:pdf},
    title = {{Выпускная квалификационная работа <<Разработка системы автоматического фигурного нанесения пищевых продуктов>>}}
}
@ARTICLE{Lee2000,
    author = {Lee, Min-Fan Ricky and de Silva, Clarence W. and Croft, Elizabeth A. and Wu, Q.M. Jonathan},
    doi = {10.1007/s001380000043},
    file = {:C\:/Users/bedla/YandexDisk/Библиотека/Статьи/Machine_vision_system_for_curved_surface.pdf:pdf},
    issn = {0932-8092},
    journal = {Machine Vision and Applications},
    keywords = {3d sensing,computer vision,inspection,range sensing,structured light},
    number = {4},
    pages = {177--188},
    title = {{Machine vision system for curved surface inspection}},
    volume = {12},
    year = {2000}
}
@ARTICLE{Zhang2010,
    author = {Zhang, Yuhai and Xia, Huosheng and Gao, Yang},
    file = {:C\:/Users/bedla/YandexDisk/Библиотека/Статьи/High-resolution_Real-time_3-D_Shape_Meas.pdf:pdf},
    issn = {16717104},
    journal = {Zhongguo yi liao qi xie za zhi = Chinese journal of medical instrumentation},
    number = {6},
    pages = {455--457},
    title = {{[Measurement of the imaging dose for head and neck cancer by different image-guided methods].}},
    volume = {34},
    year = {2010}
}
@ARTICLE{Molleda2011,
    author = {Molleda, Julio and Usamentiaga, Rub {\' {e}} n and Garc {\' {i}} a, Daniel F and Bulnes, Francisco G and Ema, Laura},
    file = {:C\:/Users/bedla/YandexDisk/Библиотека/Статьи/Shape_Measurement_of_Steel_Strips_Using.pdf:pdf},
    number = {4},
    pages = {1536--1544},
    title = {{Shape Measurement of Steel Strips Using a Reconstruction Technique}},
    url = {http://moscow.sci-hub.bz/09e5e620dffdcf623c3c5752ee0f8676/molleda2011.pdf},
    volume = {47},
    year = {2011}
}
@ARTICLE{MeshkovEVOLV,
    author = {Алексей Викторович Мешков},
    file = {:C\:/Users/bedla/YandexDisk/Библиотека/Статьи/Дипломы/Разработка программно-аппаратного образовательного робототехнического комплекса для обучения студентов.pdf:pdf},
    title = {Разработка программно - аппаратного образовательного робототехнического комплекса для обучения студентов}
}
@PHDTHESIS{DavidenkoREFERAT,
    author = {Егор Викторович Давыденко},
    file = {:C\:/Users/bedla/YandexDisk/Библиотека/Статьи/автореферат.pdf:pdf},
    title = {Разработка и анализ алгоритмов цифровой обработки сигналов в задаче оптической лазерной триангуляции},
    year = {2009},
    school = {ВлГУ},
    type = {автореф. дисс. канд. тех. наук},
    language = {russian},
}
@ARTICLE{Benuni2019,
    author = {Benuni, A. A. and Kolyuchkin, V. Ya},
    doi = {10.1134/S0030400X19100072},
    file = {:C\:/Users/bedla/YandexDisk/Библиотека/Статьи/pinhole_model_mesurement_errors.pdf:pdf},
    issn = {15626911},
    journal = {Optics and Spectroscopy},
    number = {4},
    pages = {684--690},
    title = {{Pinhole Model Measurement Errors Compensation in 3D Scanners}},
    volume = {127},
    year = {2019}
}
@ARTICLE{Li2017,
    author = {Li, Yuehua and Zhou, Jingbo and Huang, Fengshan and Liu, Lijian},
    doi = {10.3390/s17040814},
    file = {:C\:/Users/bedla/YandexDisk/Библиотека/Статьи/IGGM.pdf:pdf},
    issn = {14248220},
    journal = {Sensors (Switzerland)},
    keywords = {Adaptive sampling regions,Improved gray-gravity method,Line structured light sensor,Sub-pixel center extraction,Uncertainty analysis},
    number = {4},
    title = {{Sub-pixel extraction of laser stripe center using an improved gray-gravity method}},
    volume = {17},
    year = {2017}
}
@ARTICLE{Bauckhage2015,
    author = {Bauckhage, Christian},
    doi = {10.13140/RG.2.1.2565.3286},
    file = {:C\:/Users/bedla/YandexDisk/Библиотека/Статьи/numpy linear lergression poly.pdf:pdf},
    number = {July},
    pages = {1--4},
    title = {{NumPy / SciPy Recipes for Data Science: Regularized Least Squares Optimization}},
    year = {2015}
}
@ARTICLE{Qi2013,
    author = {Qi, Li and Zhang, Yixin and Zhang, Xuping and Wang, Shun and Xie, Fei},
    doi = {10.1364/oe.21.013442},
    file = {:C\:/Users/bedla/YandexDisk/Библиотека/Статьи/Steger analysis.pdf:pdf},
    issn = {1094-4087},
    journal = {Optics Express},
    number = {11},
    pages = {13442},
    title = {{Statistical behavior analysis and precision optimization for the laser stripe center detector based on Steger's algorithm}},
    volume = {21},
    year = {2013}
}
@BOOK{Gunasekaran2010,
    author = {Gunasekaran, Sundaram},
    booktitle = {Nondestructive Evaluation of Food Quality: Theory and Practice},
    doi = {10.1007/978-3-642-15796-7_3},
    file = {:C\:/Users/bedla/YandexDisk/Библиотека/Статьи/Computer_Vision_Systems.pdf:pdf},
    isbn = {9783642157950},
    pages = {41--72},
    title = {{Computer vision systems}},
    year = {2010}
}
@ARTICLE{Xi2018,
    author = {Xi, Jianhui and Bao, Hui and Li, Tang},
    doi = {10.1109/CCDC.2018.8408235},
    file = {:C\:/Users/bedla/YandexDisk/Библиотека/Статьи/Noisy laser extraction.pdf:pdf},
    isbn = {9781538612439},
    journal = {Proceedings of the 30th Chinese Control and Decision Conference, CCDC 2018},
    keywords = {Center Extraction,Gravity method,Laser Stripe},
    pages = {6297--6300},
    publisher = {IEEE},
    title = {{Research on the algorithm of noisy laser stripe center extraction}},
    year = {2018}
}
@ARTICLE{KuprSLAM,
    file = {:C\:/Users/bedla/YandexDisk/Библиотека/Статьи/Дипломы/Исследование использования глобальных дескрипторов в SLAM технологии.pdf:pdf},
    title = {{Магистерская диссертация}}
}
@ARTICLE{Molder2014,
    author = {Molder, A. and Martens, O. and Saar, T. and Land, R.},
    doi = {10.5755/j01.eee.20.5.7114},
    file = {:C\:/Users/bedla/YandexDisk/Библиотека/Статьи/quadratic on LoG.pdf:pdf},
    issn = {13921215},
    journal = {Elektronika ir Elektrotechnika},
    keywords = {3D laser scanner,Laser line,Parabola,Sub-pixel},
    number = {5},
    pages = {132--135},
    title = {{Laser line detection with sub-pixel accuracy}},
    volume = {20},
    year = {2014}
}
@ARTICLE{Holfroyd2011,
    author = {Holfroyd, Michael Joseph},
    file = {:C\:/Users/bedla/YandexDisk/Библиотека/Статьи/Methods_for_the_Synchronous_Acquisition.pdf:pdf},
    number = {May},
    pages = {1--120},
    title = {{Methods for the Synchronous Acquisition of 3D Shape and Material Appearance}},
    year = {2011}
}
@ARTICLE{Veerabhadra2017,
    author = {Veerabhadra, Rao and Garimella, Rao V},
    file = {:C\:/Users/bedla/YandexDisk/Библиотека/Статьи/Least Squares Explained.pdf:pdf},
    number = {August},
    title = {{A Simple Introduction to Moving Least Squares and Local Regression Estimation}},
    year = {2017}
}
@ARTICLE{MostafaAbdel-Bary2015,
    author = {{Mostafa Abdel-Bary} , Ebrahim},
    file = {:C\:/Users/bedla/YandexDisk/Библиотека/Статьи/3d-scanning_techniques_overview.pdf:pdf},
    journal = {International Journal of Science and Research},
    keywords = {3D,Laser,Models,Scanner,Technique},
    number = {10},
    pages = {323--331},
    title = {{3D Laser Scanners' Techniques Overview}},
    url = {www.ijsr.net},
    volume = {4},
    year = {2015}
}
@ARTICLE{LI2008,
    author = {qing LI, Guo and ping MENG, Zhao and shan MA, Feng and jun ZHAO, Hai and min DING, De and LIU, Qin and WANG, Cheng},
    doi = {10.1016/S1006-1266(08)60013-9},
    file = {:C\:/Users/bedla/YandexDisk/Библиотека/Статьи/Moving Least Squares.pdf:pdf},
    issn = {10061266},
    journal = {Journal of China University of Mining and Technology},
    keywords = {moving least square method,principal curvatures,structural fractures,surface fitting},
    number = {1},
    pages = {59--63},
    title = {{Calculation of stratum surface principal curvature based on a moving least square method}},
    volume = {18},
    year = {2008}
}
@ARTICLE{Steger2000,
    author = {Steger, Carsten},
    file = {:C\:/Users/bedla/YandexDisk/Библиотека/Статьи/Lines-edges extraction.pdf:pdf},
    journal = {International Archives of Photogrammetry and Remote Sensing},
    keywords = {bias,edge detection,line detection,subpixel accuracy,subpixel precision},
    pages = {141--156},
    title = {{Subpixel-precise extraction of lines and edges}},
    url = {http://ias.in.tum.de/people/steger/publications/2000/ISPRS-Congress-00-Steger.pdf},
    volume = {XXXIII},
    year = {2000}
}
@BOOK{Corke2017,
    author = {Corke, Peter},
    booktitle = {Annals of Mathematics and Artificial Intelligence},
    doi = {10.1007/978-3-319-54413-7},
    file = {:C\:/Users/bedla/YandexDisk/Библиотека/Техническое/Robotics, Vision and Control - Corke P.pdf:pdf},
    isbn = {978-3-319-54413-7},
    issn = {15737470},
    number = {1-2},
    pages = {693},
    title = {{Robotics, Vision and Control - Fundamental Algorithms In MATLAB {\textregistered} Second, Completely Revised, Extended And Updated Edition}},
    url = {https://www.springer.com/gp/book/9783319544120},
    volume = {75},
    year = {2017}
}
@BOOK{Guzhov,
    author = {Гужов, В. И.},
    file = {:C\:/Users/bedla/YandexDisk/Библиотека/Техническое/Методы измерения 3D-профиля объектов - Гужов.pdf:pdf},
    isbn = {9785778227279},
    pages = {1--82},
    title = {Методы измерения 3D-профиля объектов. Контактные, триангуляционные системы и методы структурированного освещения: учеб. пособие},
    year = {2015}
}

@online{opencvTHRESH,
    title = {OpenCV: Image Thresholding},
    url = {https://docs.opencv.org/3.4/d7/d4d/tutorial_py_thresholding.html},
    urldate = {14.05.2020},
}

@online{hesamh,
    author = {user hesamh},
    title = {DIY 3D Scanner Based on Structured Light and Stereo Vision in Python Language},
    url = {https://www.instructables.com/id/DIY-3D-scanner-based-on-structured-light-and-stere/},
}

@online{ciclop,
    title = {Ciclop 3D Scanner (BQ and Horus)},
    url = {https://www.instructables.com/id/Ciclop-3D-Scanner-BQ-Horus/},
}

@misc{matsu,
    author = {А. А. Мацуганов},
    title = {(науч. рук. Монахов Ю. С.) Разработка печатающего узла кондитерского принтера},
    journal = {Сборник тезисов докладов конгресса молодых ученых. Электронное издание.},
    year = {2020},
    url = {https://kmu.itmo.ru/digests/article/4421},
    language = {russian},
}
